<?xml version="1.0" encoding="UTF-8"?><collection xmlns="http://www.loc.gov/MARC21/slim"><record><leader>00522nam--2200181-u-4500</leader><controlfield tag="001">000056741</controlfield><controlfield tag="002">20190320</controlfield><controlfield tag="005">20190320094148</controlfield><controlfield tag="008">190320s1000------------r-----000-0-eng-d</controlfield><datafield ind1=" " ind2=" " tag="040"><subfield code="a">IFIN-HH</subfield></datafield><datafield ind1=" " ind2="0" tag="041"><subfield code="a">rum</subfield></datafield><datafield ind1="1" ind2=" " tag="100"><subfield code="a">Pometescu, Nicolae Ion</subfield></datafield><datafield ind1="1" ind2="0" tag="245"><subfield code="a">Introducere in teoria instabilitatilor MHD in plasma de fuziune</subfield><subfield code="c">Nicolae Ion Pometescu</subfield></datafield><datafield ind1=" " ind2=" " tag="260"><subfield code="a">Craiova</subfield><subfield code="b">Editura Universitara</subfield><subfield code="c">2018</subfield></datafield><datafield ind1=" " ind2=" " tag="300"><subfield code="a">237 p</subfield></datafield><datafield ind1=" " ind2=" " tag="500"><subfield code="a">Donatie Nicolae Ion Pometescu</subfield></datafield><datafield ind1=" " ind2=" " tag="852"><subfield code="a">82711</subfield><subfield code="c">533.9</subfield></datafield><datafield ind1=" " ind2=" " tag="CAT"><subfield code="a">SYS</subfield><subfield code="c">20190320</subfield><subfield code="h">094148</subfield></datafield></record></collection>